1548763176.96071	{"AcqTime":"2019-01-29T11:59:36.9607084Z","Bids":[{"Order":{"Id":null,"Time":"0001-01-01T00:00:00","Type":"Buy","Kind":"Limit","Amount":0.432,"Price":2955.37}},{"Order":{"Id":null,"Time":"0001-01-01T00:00:00","Type":"Buy","Kind":"Limit","Amount":0.5,"Price":2955.33}},{"Order":{"Id":null,"Time":"0001-01-01T00:00:00","Type":"Buy","Kind":"Limit","Amount":0.432,"Price":2955.32}},{"Order":{"Id":null,"Time":"0001-01-01T00:00:00","Type":"Buy","Kind":"Limit","Amount":0.02544921,"Price":2955.24}},{"Order":{"Id":null,"Time":"0001-01-01T00:00:00","Type":"Buy","Kind":"Limit","Amount":0.5,"Price":2955.18}},{"Order":{"Id":null,"Time":"0001-01-01T00:00:00","Type":"Buy","Kind":"Limit","Amount":0.5,"Price":2955.02}},{"Order":{"Id":null,"Time":"0001-01-01T00:00:00","Type":"Buy","Kind":"Limit","Amount":0.034,"Price":2954.98}},{"Order":{"Id":null,"Time":"0001-01-01T00:00:00","Type":"Buy","Kind":"Limit","Amount":0.01,"Price":2954.56}},{"Order":{"Id":null,"Time":"0001-01-01T00:00:00","Type":"Buy","Kind":"Limit","Amount":1.0,"Price":2953.0}},{"Order":{"Id":null,"Time":"0001-01-01T00:00:00","Type":"Buy","Kind":"Limit","Amount":0.432,"Price":2952.85}},{"Order":{"Id":null,"Time":"0001-01-01T00:00:00","Type":"Buy","Kind":"Limit","Amount":13.0,"Price":2952.06}},{"Order":{"Id":null,"Time":"0001-01-01T00:00:00","Type":"Buy","Kind":"Limit","Amount":4.837,"Price":2952.05}},{"Order":{"Id":null,"Time":"0001-01-01T00:00:00","Type":"Buy","Kind":"Limit","Amount":4.02524248,"Price":2951.99}},{"Order":{"Id":null,"Time":"0001-01-01T00:00:00","Type":"Buy","Kind":"Limit","Amount":1.25,"Price":2951.6}},{"Order":{"Id":null,"Time":"0001-01-01T00:00:00","Type":"Buy","Kind":"Limit","Amount":0.02429964,"Price":2950.74}},{"Order":{"Id":null,"Time":"0001-01-01T00:00:00","Type":"Buy","Kind":"Limit","Amount":0.12793338,"Price":2950.61}},{"Order":{"Id":null,"Time":"0001-01-01T00:00:00","Type":"Buy","Kind":"Limit","Amount":6.76342278,"Price":2950.58}},{"Order":{"Id":null,"Time":"0001-01-01T00:00:00","Type":"Buy","Kind":"Limit","Amount":3.90602034,"Price":2950.0}},{"Order":{"Id":null,"Time":"0001-01-01T00:00:00","Type":"Buy","Kind":"Limit","Amount":0.432,"Price":2949.9}},{"Order":{"Id":null,"Time":"0001-01-01T00:00:00","Type":"Buy","Kind":"Limit","Amount":18.172,"Price":2949.57}},{"Order":{"Id":null,"Time":"0001-01-01T00:00:00","Type":"Buy","Kind":"Limit","Amount":0.283,"Price":2949.39}},{"Order":{"Id":null,"Time":"0001-01-01T00:00:00","Type":"Buy","Kind":"Limit","Amount":0.49,"Price":2949.13}},{"Order":{"Id":null,"Time":"0001-01-01T00:00:00","Type":"Buy","Kind":"Limit","Amount":1.953,"Price":2948.92}},{"Order":{"Id":null,"Time":"0001-01-01T00:00:00","Type":"Buy","Kind":"Limit","Amount":2.0,"Price":2947.67}},{"Order":{"Id":null,"Time":"0001-01-01T00:00:00","Type":"Buy","Kind":"Limit","Amount":0.00456,"Price":2947.62}},{"Order":{"Id":null,"Time":"0001-01-01T00:00:00","Type":"Buy","Kind":"Limit","Amount":0.432,"Price":2946.94}},{"Order":{"Id":null,"Time":"0001-01-01T00:00:00","Type":"Buy","Kind":"Limit","Amount":0.2,"Price":2946.73}},{"Order":{"Id":null,"Time":"0001-01-01T00:00:00","Type":"Buy","Kind":"Limit","Amount":2.376,"Price":2946.35}},{"Order":{"Id":null,"Time":"0001-01-01T00:00:00","Type":"Buy","Kind":"Limit","Amount":1.75,"Price":2945.6}},{"Order":{"Id":null,"Time":"0001-01-01T00:00:00","Type":"Buy","Kind":"Limit","Amount":1.219,"Price":2945.01}},{"Order":{"Id":null,"Time":"0001-01-01T00:00:00","Type":"Buy","Kind":"Limit","Amount":1.521,"Price":2945.0}},{"Order":{"Id":null,"Time":"0001-01-01T00:00:00","Type":"Buy","Kind":"Limit","Amount":2.53128999,"Price":2944.87}},{"Order":{"Id":null,"Time":"0001-01-01T00:00:00","Type":"Buy","Kind":"Limit","Amount":0.431,"Price":2944.03}},{"Order":{"Id":null,"Time":"0001-01-01T00:00:00","Type":"Buy","Kind":"Limit","Amount":0.431,"Price":2942.34}},{"Order":{"Id":null,"Time":"0001-01-01T00:00:00","Type":"Buy","Kind":"Limit","Amount":26.0,"Price":2941.47}},{"Order":{"Id":null,"Time":"0001-01-01T00:00:00","Type":"Buy","Kind":"Limit","Amount":25.3129,"Price":2941.46}},{"Order":{"Id":null,"Time":"0001-01-01T00:00:00","Type":"Buy","Kind":"Limit","Amount":0.8,"Price":2941.0}},{"Order":{"Id":null,"Time":"0001-01-01T00:00:00","Type":"Buy","Kind":"Limit","Amount":8.78,"Price":2940.31}},{"Order":{"Id":null,"Time":"0001-01-01T00:00:00","Type":"Buy","Kind":"Limit","Amount":0.031,"Price":2940.0}},{"Order":{"Id":null,"Time":"0001-01-01T00:00:00","Type":"Buy","Kind":"Limit","Amount":0.02429964,"Price":2939.51}},{"Order":{"Id":null,"Time":"0001-01-01T00:00:00","Type":"Buy","Kind":"Limit","Amount":1.18,"Price":2939.46}},{"Order":{"Id":null,"Time":"0001-01-01T00:00:00","Type":"Buy","Kind":"Limit","Amount":7.0,"Price":2937.41}},{"Order":{"Id":null,"Time":"0001-01-01T00:00:00","Type":"Buy","Kind":"Limit","Amount":0.31,"Price":2937.27}},{"Order":{"Id":null,"Time":"0001-01-01T00:00:00","Type":"Buy","Kind":"Limit","Amount":5.36,"Price":2934.38}},{"Order":{"Id":null,"Time":"0001-01-01T00:00:00","Type":"Buy","Kind":"Limit","Amount":0.31,"Price":2934.31}},{"Order":{"Id":null,"Time":"0001-01-01T00:00:00","Type":"Buy","Kind":"Limit","Amount":5.121,"Price":2931.64}},{"Order":{"Id":null,"Time":"0001-01-01T00:00:00","Type":"Buy","Kind":"Limit","Amount":0.31,"Price":2931.36}},{"Order":{"Id":null,"Time":"0001-01-01T00:00:00","Type":"Buy","Kind":"Limit","Amount":1.19710991,"Price":2931.19}},{"Order":{"Id":null,"Time":"0001-01-01T00:00:00","Type":"Buy","Kind":"Limit","Amount":8.12,"Price":2931.18}},{"Order":{"Id":null,"Time":"0001-01-01T00:00:00","Type":"Buy","Kind":"Limit","Amount":0.23,"Price":2929.0}},{"Order":{"Id":null,"Time":"0001-01-01T00:00:00","Type":"Buy","Kind":"Limit","Amount":0.07,"Price":2928.4}},{"Order":{"Id":null,"Time":"0001-01-01T00:00:00","Type":"Buy","Kind":"Limit","Amount":0.02431078,"Price":2928.31}},{"Order":{"Id":null,"Time":"0001-01-01T00:00:00","Type":"Buy","Kind":"Limit","Amount":11.7,"Price":2927.9}},{"Order":{"Id":null,"Time":"0001-01-01T00:00:00","Type":"Buy","Kind":"Limit","Amount":0.3,"Price":2925.9}},{"Order":{"Id":null,"Time":"0001-01-01T00:00:00","Type":"Buy","Kind":"Limit","Amount":0.31,"Price":2925.54}},{"Order":{"Id":null,"Time":"0001-01-01T00:00:00","Type":"Buy","Kind":"Limit","Amount":0.39386842,"Price":2925.44}},{"Order":{"Id":null,"Time":"0001-01-01T00:00:00","Type":"Buy","Kind":"Limit","Amount":0.2185,"Price":2925.0}},{"Order":{"Id":null,"Time":"0001-01-01T00:00:00","Type":"Buy","Kind":"Limit","Amount":12.5,"Price":2924.83}},{"Order":{"Id":null,"Time":"0001-01-01T00:00:00","Type":"Buy","Kind":"Limit","Amount":2.0,"Price":2924.71}},{"Order":{"Id":null,"Time":"0001-01-01T00:00:00","Type":"Buy","Kind":"Limit","Amount":0.00654099,"Price":2924.6}},{"Order":{"Id":null,"Time":"0001-01-01T00:00:00","Type":"Buy","Kind":"Limit","Amount":0.5,"Price":2922.4}},{"Order":{"Id":null,"Time":"0001-01-01T00:00:00","Type":"Buy","Kind":"Limit","Amount":0.003265,"Price":2922.21}},{"Order":{"Id":null,"Time":"0001-01-01T00:00:00","Type":"Buy","Kind":"Limit","Amount":6.6,"Price":2921.65}},{"Order":{"Id":null,"Time":"0001-01-01T00:00:00","Type":"Buy","Kind":"Limit","Amount":0.06832089,"Price":2920.19}},{"Order":{"Id":null,"Time":"0001-01-01T00:00:00","Type":"Buy","Kind":"Limit","Amount":0.1140017,"Price":2920.0}},{"Order":{"Id":null,"Time":"0001-01-01T00:00:00","Type":"Buy","Kind":"Limit","Amount":5.05,"Price":2919.04}},{"Order":{"Id":null,"Time":"0001-01-01T00:00:00","Type":"Buy","Kind":"Limit","Amount":0.01,"Price":2919.0}},{"Order":{"Id":null,"Time":"0001-01-01T00:00:00","Type":"Buy","Kind":"Limit","Amount":0.84827512,"Price":2918.29}},{"Order":{"Id":null,"Time":"0001-01-01T00:00:00","Type":"Buy","Kind":"Limit","Amount":6.397,"Price":2918.25}},{"Order":{"Id":null,"Time":"0001-01-01T00:00:00","Type":"Buy","Kind":"Limit","Amount":0.56944139,"Price":2918.0}},{"Order":{"Id":null,"Time":"0001-01-01T00:00:00","Type":"Buy","Kind":"Limit","Amount":0.02430395,"Price":2916.14}},{"Order":{"Id":null,"Time":"0001-01-01T00:00:00","Type":"Buy","Kind":"Limit","Amount":5.24,"Price":2916.08}},{"Order":{"Id":null,"Time":"0001-01-01T00:00:00","Type":"Buy","Kind":"Limit","Amount":0.047249,"Price":2915.0}},{"Order":{"Id":null,"Time":"0001-01-01T00:00:00","Type":"Buy","Kind":"Limit","Amount":0.00459,"Price":2914.25}},{"Order":{"Id":null,"Time":"0001-01-01T00:00:00","Type":"Buy","Kind":"Limit","Amount":0.2,"Price":2913.69}},{"Order":{"Id":null,"Time":"0001-01-01T00:00:00","Type":"Buy","Kind":"Limit","Amount":10.1,"Price":2913.6}},{"Order":{"Id":null,"Time":"0001-01-01T00:00:00","Type":"Buy","Kind":"Limit","Amount":0.03424,"Price":2913.03}},{"Order":{"Id":null,"Time":"0001-01-01T00:00:00","Type":"Buy","Kind":"Limit","Amount":32.8,"Price":2912.96}},{"Order":{"Id":null,"Time":"0001-01-01T00:00:00","Type":"Buy","Kind":"Limit","Amount":0.03425363,"Price":2912.1}},{"Order":{"Id":null,"Time":"0001-01-01T00:00:00","Type":"Buy","Kind":"Limit","Amount":0.3558,"Price":2912.0}},{"Order":{"Id":null,"Time":"0001-01-01T00:00:00","Type":"Buy","Kind":"Limit","Amount":0.32608292,"Price":2911.0}},{"Order":{"Id":null,"Time":"0001-01-01T00:00:00","Type":"Buy","Kind":"Limit","Amount":7.94,"Price":2910.87}},{"Order":{"Id":null,"Time":"0001-01-01T00:00:00","Type":"Buy","Kind":"Limit","Amount":0.5,"Price":2910.51}},{"Order":{"Id":null,"Time":"0001-01-01T00:00:00","Type":"Buy","Kind":"Limit","Amount":0.52094196,"Price":2910.0}},{"Order":{"Id":null,"Time":"0001-01-01T00:00:00","Type":"Buy","Kind":"Limit","Amount":12.65645,"Price":2909.01}},{"Order":{"Id":null,"Time":"0001-01-01T00:00:00","Type":"Buy","Kind":"Limit","Amount":5.7,"Price":2908.3}},{"Order":{"Id":null,"Time":"0001-01-01T00:00:00","Type":"Buy","Kind":"Limit","Amount":0.01152942,"Price":2907.24}},{"Order":{"Id":null,"Time":"0001-01-01T00:00:00","Type":"Buy","Kind":"Limit","Amount":0.02,"Price":2907.0}},{"Order":{"Id":null,"Time":"0001-01-01T00:00:00","Type":"Buy","Kind":"Limit","Amount":0.004,"Price":2906.73}},{"Order":{"Id":null,"Time":"0001-01-01T00:00:00","Type":"Buy","Kind":"Limit","Amount":0.51211105,"Price":2906.0}},{"Order":{"Id":null,"Time":"0001-01-01T00:00:00","Type":"Buy","Kind":"Limit","Amount":0.05,"Price":2905.72}},{"Order":{"Id":null,"Time":"0001-01-01T00:00:00","Type":"Buy","Kind":"Limit","Amount":0.68812,"Price":2905.0}},{"Order":{"Id":null,"Time":"0001-01-01T00:00:00","Type":"Buy","Kind":"Limit","Amount":9.542,"Price":2904.86}},{"Order":{"Id":null,"Time":"0001-01-01T00:00:00","Type":"Buy","Kind":"Limit","Amount":0.15,"Price":2903.0}},{"Order":{"Id":null,"Time":"0001-01-01T00:00:00","Type":"Buy","Kind":"Limit","Amount":0.0275,"Price":2902.2}},{"Order":{"Id":null,"Time":"0001-01-01T00:00:00","Type":"Buy","Kind":"Limit","Amount":10.04,"Price":2902.0}},{"Order":{"Id":null,"Time":"0001-01-01T00:00:00","Type":"Buy","Kind":"Limit","Amount":0.1,"Price":2901.95}},{"Order":{"Id":null,"Time":"0001-01-01T00:00:00","Type":"Buy","Kind":"Limit","Amount":0.02,"Price":2901.55}},{"Order":{"Id":null,"Time":"0001-01-01T00:00:00","Type":"Buy","Kind":"Limit","Amount":0.025,"Price":2901.1}},{"Order":{"Id":null,"Time":"0001-01-01T00:00:00","Type":"Buy","Kind":"Limit","Amount":1.05006187,"Price":2901.01}}],"Asks":[{"Order":{"Id":null,"Time":"0001-01-01T00:00:00","Type":"Sell","Kind":"Limit","Amount":0.01,"Price":2960.43}},{"Order":{"Id":null,"Time":"0001-01-01T00:00:00","Type":"Sell","Kind":"Limit","Amount":4.845,"Price":2960.45}},{"Order":{"Id":null,"Time":"0001-01-01T00:00:00","Type":"Sell","Kind":"Limit","Amount":0.07925,"Price":2960.88}},{"Order":{"Id":null,"Time":"0001-01-01T00:00:00","Type":"Sell","Kind":"Limit","Amount":1.0,"Price":2961.0}},{"Order":{"Id":null,"Time":"0001-01-01T00:00:00","Type":"Sell","Kind":"Limit","Amount":1.45983923,"Price":2961.52}},{"Order":{"Id":null,"Time":"0001-01-01T00:00:00","Type":"Sell","Kind":"Limit","Amount":0.03,"Price":2961.58}},{"Order":{"Id":null,"Time":"0001-01-01T00:00:00","Type":"Sell","Kind":"Limit","Amount":0.406,"Price":2962.37}},{"Order":{"Id":null,"Time":"0001-01-01T00:00:00","Type":"Sell","Kind":"Limit","Amount":0.406,"Price":2962.84}},{"Order":{"Id":null,"Time":"0001-01-01T00:00:00","Type":"Sell","Kind":"Limit","Amount":2.18,"Price":2964.46}},{"Order":{"Id":null,"Time":"0001-01-01T00:00:00","Type":"Sell","Kind":"Limit","Amount":2.53128999,"Price":2964.69}},{"Order":{"Id":null,"Time":"0001-01-01T00:00:00","Type":"Sell","Kind":"Limit","Amount":0.406,"Price":2964.71}},{"Order":{"Id":null,"Time":"0001-01-01T00:00:00","Type":"Sell","Kind":"Limit","Amount":0.2,"Price":2965.24}},{"Order":{"Id":null,"Time":"0001-01-01T00:00:00","Type":"Sell","Kind":"Limit","Amount":3.59907016,"Price":2966.66}},{"Order":{"Id":null,"Time":"0001-01-01T00:00:00","Type":"Sell","Kind":"Limit","Amount":0.01585,"Price":2966.67}},{"Order":{"Id":null,"Time":"0001-01-01T00:00:00","Type":"Sell","Kind":"Limit","Amount":13.0,"Price":2966.71}},{"Order":{"Id":null,"Time":"0001-01-01T00:00:00","Type":"Sell","Kind":"Limit","Amount":0.405,"Price":2967.44}},{"Order":{"Id":null,"Time":"0001-01-01T00:00:00","Type":"Sell","Kind":"Limit","Amount":10.0,"Price":2967.58}},{"Order":{"Id":null,"Time":"0001-01-01T00:00:00","Type":"Sell","Kind":"Limit","Amount":2.0,"Price":2967.84}},{"Order":{"Id":null,"Time":"0001-01-01T00:00:00","Type":"Sell","Kind":"Limit","Amount":0.4,"Price":2968.17}},{"Order":{"Id":null,"Time":"0001-01-01T00:00:00","Type":"Sell","Kind":"Limit","Amount":0.405,"Price":2969.16}},{"Order":{"Id":null,"Time":"0001-01-01T00:00:00","Type":"Sell","Kind":"Limit","Amount":1.25,"Price":2969.4}},{"Order":{"Id":null,"Time":"0001-01-01T00:00:00","Type":"Sell","Kind":"Limit","Amount":0.118,"Price":2970.0}},{"Order":{"Id":null,"Time":"0001-01-01T00:00:00","Type":"Sell","Kind":"Limit","Amount":0.404,"Price":2970.86}},{"Order":{"Id":null,"Time":"0001-01-01T00:00:00","Type":"Sell","Kind":"Limit","Amount":0.12634646,"Price":2971.15}},{"Order":{"Id":null,"Time":"0001-01-01T00:00:00","Type":"Sell","Kind":"Limit","Amount":1.75,"Price":2973.2}},{"Order":{"Id":null,"Time":"0001-01-01T00:00:00","Type":"Sell","Kind":"Limit","Amount":0.01585,"Price":2974.99}},{"Order":{"Id":null,"Time":"0001-01-01T00:00:00","Type":"Sell","Kind":"Limit","Amount":2.0,"Price":2975.0}},{"Order":{"Id":null,"Time":"0001-01-01T00:00:00","Type":"Sell","Kind":"Limit","Amount":1.135,"Price":2976.48}},{"Order":{"Id":null,"Time":"0001-01-01T00:00:00","Type":"Sell","Kind":"Limit","Amount":0.12634646,"Price":2978.32}},{"Order":{"Id":null,"Time":"0001-01-01T00:00:00","Type":"Sell","Kind":"Limit","Amount":25.3129,"Price":2978.48}},{"Order":{"Id":null,"Time":"0001-01-01T00:00:00","Type":"Sell","Kind":"Limit","Amount":2.376,"Price":2979.07}},{"Order":{"Id":null,"Time":"0001-01-01T00:00:00","Type":"Sell","Kind":"Limit","Amount":0.12634646,"Price":2984.8}},{"Order":{"Id":null,"Time":"0001-01-01T00:00:00","Type":"Sell","Kind":"Limit","Amount":0.308,"Price":2984.83}},{"Order":{"Id":null,"Time":"0001-01-01T00:00:00","Type":"Sell","Kind":"Limit","Amount":0.573,"Price":2984.85}},{"Order":{"Id":null,"Time":"0001-01-01T00:00:00","Type":"Sell","Kind":"Limit","Amount":2.0,"Price":2985.0}},{"Order":{"Id":null,"Time":"0001-01-01T00:00:00","Type":"Sell","Kind":"Limit","Amount":1.521,"Price":2986.54}},{"Order":{"Id":null,"Time":"0001-01-01T00:00:00","Type":"Sell","Kind":"Limit","Amount":0.5,"Price":2988.11}},{"Order":{"Id":null,"Time":"0001-01-01T00:00:00","Type":"Sell","Kind":"Limit","Amount":0.54945725,"Price":2989.91}},{"Order":{"Id":null,"Time":"0001-01-01T00:00:00","Type":"Sell","Kind":"Limit","Amount":2.212,"Price":2989.92}},{"Order":{"Id":null,"Time":"0001-01-01T00:00:00","Type":"Sell","Kind":"Limit","Amount":0.12634646,"Price":2990.99}},{"Order":{"Id":null,"Time":"0001-01-01T00:00:00","Type":"Sell","Kind":"Limit","Amount":0.31,"Price":2994.32}},{"Order":{"Id":null,"Time":"0001-01-01T00:00:00","Type":"Sell","Kind":"Limit","Amount":0.2,"Price":2994.56}},{"Order":{"Id":null,"Time":"0001-01-01T00:00:00","Type":"Sell","Kind":"Limit","Amount":2.0,"Price":2995.0}},{"Order":{"Id":null,"Time":"0001-01-01T00:00:00","Type":"Sell","Kind":"Limit","Amount":0.53588928,"Price":2995.03}},{"Order":{"Id":null,"Time":"0001-01-01T00:00:00","Type":"Sell","Kind":"Limit","Amount":0.033,"Price":2995.35}},{"Order":{"Id":null,"Time":"0001-01-01T00:00:00","Type":"Sell","Kind":"Limit","Amount":0.00646311,"Price":2995.81}},{"Order":{"Id":null,"Time":"0001-01-01T00:00:00","Type":"Sell","Kind":"Limit","Amount":0.31,"Price":2997.28}},{"Order":{"Id":null,"Time":"0001-01-01T00:00:00","Type":"Sell","Kind":"Limit","Amount":0.1,"Price":2998.0}},{"Order":{"Id":null,"Time":"0001-01-01T00:00:00","Type":"Sell","Kind":"Limit","Amount":0.00486034,"Price":2998.26}},{"Order":{"Id":null,"Time":"0001-01-01T00:00:00","Type":"Sell","Kind":"Limit","Amount":13.6,"Price":3000.0}},{"Order":{"Id":null,"Time":"0001-01-01T00:00:00","Type":"Sell","Kind":"Limit","Amount":0.31,"Price":3000.23}},{"Order":{"Id":null,"Time":"0001-01-01T00:00:00","Type":"Sell","Kind":"Limit","Amount":0.07,"Price":3003.19}},{"Order":{"Id":null,"Time":"0001-01-01T00:00:00","Type":"Sell","Kind":"Limit","Amount":4.495,"Price":3003.31}},{"Order":{"Id":null,"Time":"0001-01-01T00:00:00","Type":"Sell","Kind":"Limit","Amount":0.05,"Price":3003.7}},{"Order":{"Id":null,"Time":"0001-01-01T00:00:00","Type":"Sell","Kind":"Limit","Amount":0.25,"Price":3005.0}},{"Order":{"Id":null,"Time":"0001-01-01T00:00:00","Type":"Sell","Kind":"Limit","Amount":0.25,"Price":3006.0}},{"Order":{"Id":null,"Time":"0001-01-01T00:00:00","Type":"Sell","Kind":"Limit","Amount":0.25,"Price":3007.0}},{"Order":{"Id":null,"Time":"0001-01-01T00:00:00","Type":"Sell","Kind":"Limit","Amount":18.87308352,"Price":3009.99}},{"Order":{"Id":null,"Time":"0001-01-01T00:00:00","Type":"Sell","Kind":"Limit","Amount":4.07375647,"Price":3011.79}},{"Order":{"Id":null,"Time":"0001-01-01T00:00:00","Type":"Sell","Kind":"Limit","Amount":0.005123,"Price":3015.84}},{"Order":{"Id":null,"Time":"0001-01-01T00:00:00","Type":"Sell","Kind":"Limit","Amount":6.3983869,"Price":3016.69}},{"Order":{"Id":null,"Time":"0001-01-01T00:00:00","Type":"Sell","Kind":"Limit","Amount":10.595,"Price":3016.7}},{"Order":{"Id":null,"Time":"0001-01-01T00:00:00","Type":"Sell","Kind":"Limit","Amount":0.00382481,"Price":3016.77}},{"Order":{"Id":null,"Time":"0001-01-01T00:00:00","Type":"Sell","Kind":"Limit","Amount":0.5,"Price":3017.0}},{"Order":{"Id":null,"Time":"0001-01-01T00:00:00","Type":"Sell","Kind":"Limit","Amount":0.0047,"Price":3020.3}},{"Order":{"Id":null,"Time":"0001-01-01T00:00:00","Type":"Sell","Kind":"Limit","Amount":0.01609676,"Price":3023.59}},{"Order":{"Id":null,"Time":"0001-01-01T00:00:00","Type":"Sell","Kind":"Limit","Amount":2.002,"Price":3025.0}},{"Order":{"Id":null,"Time":"0001-01-01T00:00:00","Type":"Sell","Kind":"Limit","Amount":7.897,"Price":3030.09}},{"Order":{"Id":null,"Time":"0001-01-01T00:00:00","Type":"Sell","Kind":"Limit","Amount":0.4,"Price":3033.35}},{"Order":{"Id":null,"Time":"0001-01-01T00:00:00","Type":"Sell","Kind":"Limit","Amount":0.00743778,"Price":3038.12}},{"Order":{"Id":null,"Time":"0001-01-01T00:00:00","Type":"Sell","Kind":"Limit","Amount":0.0215792,"Price":3040.88}},{"Order":{"Id":null,"Time":"0001-01-01T00:00:00","Type":"Sell","Kind":"Limit","Amount":0.1,"Price":3043.38}},{"Order":{"Id":null,"Time":"0001-01-01T00:00:00","Type":"Sell","Kind":"Limit","Amount":0.02042978,"Price":3049.99}},{"Order":{"Id":null,"Time":"0001-01-01T00:00:00","Type":"Sell","Kind":"Limit","Amount":1.010492,"Price":3050.0}},{"Order":{"Id":null,"Time":"0001-01-01T00:00:00","Type":"Sell","Kind":"Limit","Amount":1.0,"Price":3051.0}},{"Order":{"Id":null,"Time":"0001-01-01T00:00:00","Type":"Sell","Kind":"Limit","Amount":0.04,"Price":3054.1}},{"Order":{"Id":null,"Time":"0001-01-01T00:00:00","Type":"Sell","Kind":"Limit","Amount":0.044,"Price":3060.37}},{"Order":{"Id":null,"Time":"0001-01-01T00:00:00","Type":"Sell","Kind":"Limit","Amount":0.0048951,"Price":3064.29}},{"Order":{"Id":null,"Time":"0001-01-01T00:00:00","Type":"Sell","Kind":"Limit","Amount":0.0449,"Price":3070.0}},{"Order":{"Id":null,"Time":"0001-01-01T00:00:00","Type":"Sell","Kind":"Limit","Amount":0.0213695,"Price":3070.71}},{"Order":{"Id":null,"Time":"0001-01-01T00:00:00","Type":"Sell","Kind":"Limit","Amount":0.03187699,"Price":3074.0}},{"Order":{"Id":null,"Time":"0001-01-01T00:00:00","Type":"Sell","Kind":"Limit","Amount":0.03322641,"Price":3075.0}},{"Order":{"Id":null,"Time":"0001-01-01T00:00:00","Type":"Sell","Kind":"Limit","Amount":2.0,"Price":3080.0}},{"Order":{"Id":null,"Time":"0001-01-01T00:00:00","Type":"Sell","Kind":"Limit","Amount":0.00837082,"Price":3087.19}},{"Order":{"Id":null,"Time":"0001-01-01T00:00:00","Type":"Sell","Kind":"Limit","Amount":2.00817225,"Price":3088.9}},{"Order":{"Id":null,"Time":"0001-01-01T00:00:00","Type":"Sell","Kind":"Limit","Amount":0.0017,"Price":3089.0}},{"Order":{"Id":null,"Time":"0001-01-01T00:00:00","Type":"Sell","Kind":"Limit","Amount":0.2339,"Price":3090.01}},{"Order":{"Id":null,"Time":"0001-01-01T00:00:00","Type":"Sell","Kind":"Limit","Amount":0.003729,"Price":3094.12}},{"Order":{"Id":null,"Time":"0001-01-01T00:00:00","Type":"Sell","Kind":"Limit","Amount":0.08,"Price":3099.0}},{"Order":{"Id":null,"Time":"0001-01-01T00:00:00","Type":"Sell","Kind":"Limit","Amount":0.0245,"Price":3099.99}},{"Order":{"Id":null,"Time":"0001-01-01T00:00:00","Type":"Sell","Kind":"Limit","Amount":10.45090666,"Price":3100.0}},{"Order":{"Id":null,"Time":"0001-01-01T00:00:00","Type":"Sell","Kind":"Limit","Amount":0.0018655,"Price":3100.77}},{"Order":{"Id":null,"Time":"0001-01-01T00:00:00","Type":"Sell","Kind":"Limit","Amount":0.004975,"Price":3105.45}},{"Order":{"Id":null,"Time":"0001-01-01T00:00:00","Type":"Sell","Kind":"Limit","Amount":1.0,"Price":3106.0}},{"Order":{"Id":null,"Time":"0001-01-01T00:00:00","Type":"Sell","Kind":"Limit","Amount":0.01729,"Price":3107.0}},{"Order":{"Id":null,"Time":"0001-01-01T00:00:00","Type":"Sell","Kind":"Limit","Amount":0.07875741,"Price":3107.51}},{"Order":{"Id":null,"Time":"0001-01-01T00:00:00","Type":"Sell","Kind":"Limit","Amount":20.0,"Price":3109.99}},{"Order":{"Id":null,"Time":"0001-01-01T00:00:00","Type":"Sell","Kind":"Limit","Amount":0.04726449,"Price":3111.51}},{"Order":{"Id":null,"Time":"0001-01-01T00:00:00","Type":"Sell","Kind":"Limit","Amount":6.48580033,"Price":3115.34}},{"Order":{"Id":null,"Time":"0001-01-01T00:00:00","Type":"Sell","Kind":"Limit","Amount":1.0,"Price":3116.0}}]}
